<?xml version="1.0"?>
<marc:records xmlns:marc="http://www.loc.gov/MARC21/slim" xmlns:xsi="http://www.w3.org/2001/XMLSchema-instance" xsi:schemaLocation="http://www.loc.gov/MARC21/slim http://www.loc.gov/standards/marcxml/schema/MARC21slim.xsd">
  <marc:record>
    <marc:leader>05358cpcaa2200397Ia 4500</marc:leader>
    <marc:controlfield tag="001">9967318843503681</marc:controlfield>
    <marc:controlfield tag="005">20201207114447.0</marc:controlfield>
    <marc:controlfield tag="008">151012i17971851pau                 eng d</marc:controlfield>
    <marc:datafield ind1=" " ind2=" " tag="035">
  <marc:subfield code="a">(OCoLC)ocn923768720</marc:subfield>
</marc:datafield>
    <marc:datafield ind1=" " ind2=" " tag="035">
  <marc:subfield code="a">(OCoLC)923768720</marc:subfield>
</marc:datafield>
    <marc:datafield ind1=" " ind2=" " tag="035">
  <marc:subfield code="a">(PU)6731884-penndb-Voyager</marc:subfield>
</marc:datafield>
    <marc:datafield ind1=" " ind2=" " tag="040">
  <marc:subfield code="a">PAU</marc:subfield>
  <marc:subfield code="b">eng</marc:subfield>
  <marc:subfield code="e">dacs</marc:subfield>
  <marc:subfield code="c">PAU</marc:subfield>
  <marc:subfield code="d">PAU</marc:subfield>
</marc:datafield>
    <marc:datafield ind1=" " ind2=" " tag="049">
  <marc:subfield code="a">PAU</marc:subfield>
</marc:datafield>
    <marc:datafield ind1=" " ind2=" " tag="099">
  <marc:subfield code="a">Ms. Coll. 1120</marc:subfield>
</marc:datafield>
    <marc:datafield ind1="1" ind2=" " tag="100">
  <marc:subfield code="a">Archer, Henry Wilson,</marc:subfield>
  <marc:subfield code="d">1813-1887.</marc:subfield>
</marc:datafield>
    <marc:datafield ind1="1" ind2="0" tag="245">
  <marc:subfield code="a">Archer family account books and notebooks,</marc:subfield>
  <marc:subfield code="f">1797-1851.</marc:subfield>
</marc:datafield>
    <marc:datafield ind1=" " ind2=" " tag="300">
  <marc:subfield code="a">1</marc:subfield>
  <marc:subfield code="f">box</marc:subfield>
  <marc:subfield code="a">(.2</marc:subfield>
  <marc:subfield code="f">linear foot)</marc:subfield>
</marc:datafield>
    <marc:datafield ind1=" " ind2=" " tag="520">
  <marc:subfield code="a">This collection consists of notebooks kept by three members of the Archer family between 1797 and 1851. Two booklets of notes on materia medica lectures held at the University of Pennsylvania make up the first file in the collection. John Archer Jr. attended the lectures (delivered by Benjamin S. Barton, M.D., a Professor of Materia Medica, Botany and Natural History) in 1797 and 1798. Addressing what is now considered pharmacology, the booklets detail medical treatments for a number of diseases. The first volume of the set is concerned largely with the nutritional benefits of various foods and the categorization of medicines, whether as botanical or mineral astringents, tonics, emetics, stimulants, and the like. The second volume discusses the merits of different medicines (mostly plant-based) and lists viable treatments for a range of diseases. A note on the last page of the second volume suggests that there was a third booklet in this set of lecture notes.   The second file in this collection is the commonplace book of Henry Archer, written between 1830 and 1832 in Harford County, Maryland. This book is roughly organized into four sections. The first section consists of notes on the history of Asia (based on a text by Charles Rollin), Rome (based on Edward Gibbon's The Decline and Fall of the Roman Empire), Roman jurisprudence, and the feudal system in Scotland. The second section features shorter quotations taken from several sources including Don Juan, the poetry of Byron and Thomas Campbell, and The Young Duke, a novel by Benjamin Disraeli. Also in this section is a transcription of 'The Union College Dunciad,' a (probably unpublished) volume of satirical verse written in Schenectady in 1830. The notebook's third section is a list of the books that Archer read, sorted by category and year. Each book has a number next to it, perhaps denoting how many times it was read. This list is extended on the front inside cover of the notebook. The final section of the notebook is titled 'Questions for Debate,' and includes eleven questions about both historical and contemporary political issues.   An account book kept by Robert Harris Archer from 1841 to 1851 is the third file in this series, and lists Archer's purchases of wheat. This book is, for the most part, well organized with the name of the wheat seller, price and amount of wheat, and date of purchase laid out consistently. A few pages, however, are filled with tally marks, calculations and miscellaneous notes and sketches, including two small drawings of houses labeled 'Baltimore' and 'Philadelphia.'</marc:subfield>
</marc:datafield>
    <marc:datafield ind1="0" ind2=" " tag="545">
  <marc:subfield code="a">The Archer family was a prominent and politically active family of medical doctors based in Harford County, Maryland. John Archer was born in Maryland in 1741 and (due to the alphabetical antecedence of his last name) was the first person to receive a medical diploma in North America, which he earned from the College of Philadelphia (later the Perelman School of Medicine at the University of Pennsylvania) in 1768. His son, John Archer Jr. (1777-1850) also attended medical school at the University of Pennsylvania, graduating in 1798. J. Archer Jr. returned to Maryland after earning his degree and served as a surgeon of the Maryland militia in the War of 1812.   Henry Wilson Archer (1813-1887) was the son of John Archer Jr. Another graduate of the medical school of the University of Pennsylvania, H. Archer lived in Harford County and married Mary Elizabeth Walker in 1849.   The final volume in the collection is an account book created by Robert Harris Archer.  Three individuals named Robert Harris Archer (brother of (1775-1857 or 1858), nephew of (1813-1883), or son of (1820-1878) John Archer, Jr.) may have been the account book's author.</marc:subfield>
</marc:datafield>
    <marc:datafield ind1="1" ind2="0" tag="600">
  <marc:subfield code="a">Barton, Benjamin Smith,</marc:subfield>
  <marc:subfield code="d">1766-1815.</marc:subfield>
</marc:datafield>
    <marc:datafield ind1="2" ind2="0" tag="610">
  <marc:subfield code="a">University of Pennsylvania.</marc:subfield>
  <marc:subfield code="b">School of Medicine.</marc:subfield>
</marc:datafield>
    <marc:datafield ind1=" " ind2="0" tag="650">
  <marc:subfield code="a">Medical education</marc:subfield>
  <marc:subfield code="z">United States.</marc:subfield>
</marc:datafield>
    <marc:datafield ind1=" " ind2="0" tag="650">
  <marc:subfield code="a">Medicine.</marc:subfield>
</marc:datafield>
    <marc:datafield ind1=" " ind2="7" tag="655">
  <marc:subfield code="a">Family histories.</marc:subfield>
  <marc:subfield code="2">aat</marc:subfield>
</marc:datafield>
    <marc:datafield ind1=" " ind2="7" tag="655">
  <marc:subfield code="a">Manuscripts, American</marc:subfield>
  <marc:subfield code="y">19th century.</marc:subfield>
  <marc:subfield code="2">local</marc:subfield>
</marc:datafield>
    <marc:datafield ind1=" " ind2="7" tag="655">
  <marc:subfield code="a">Account books.</marc:subfield>
  <marc:subfield code="2">aat</marc:subfield>
</marc:datafield>
    <marc:datafield ind1=" " ind2="7" tag="655">
  <marc:subfield code="a">Commonplace books.</marc:subfield>
  <marc:subfield code="2">aat</marc:subfield>
</marc:datafield>
    <marc:datafield ind1=" " ind2="7" tag="655">
  <marc:subfield code="a">Lecture notes.</marc:subfield>
  <marc:subfield code="2">aat</marc:subfield>
</marc:datafield>
    <marc:datafield ind1=" " ind2="7" tag="655">
  <marc:subfield code="a">Notebooks.</marc:subfield>
  <marc:subfield code="2">aat</marc:subfield>
</marc:datafield>
    <marc:datafield ind1="1" ind2=" " tag="700">
  <marc:subfield code="a">Archer, John,</marc:subfield>
  <marc:subfield code="d">1777-1830.</marc:subfield>
</marc:datafield>
    <marc:datafield ind1=" " ind2=" " tag="852">
  <marc:subfield code="b">Kislak Center for Special Collections, Rare Books and Manuscripts</marc:subfield>
  <marc:subfield code="a">University of Pennsylvania</marc:subfield>
  <marc:subfield code="e">3420 Walnut Street, Philadelphia, Pennsylvania 19104-6206.</marc:subfield>
  <marc:subfield code="j">Ms. Coll. 1120</marc:subfield>
</marc:datafield>
    <marc:datafield ind1="4" ind2="1" tag="856">
  <marc:subfield code="z">Finding aid</marc:subfield>
  <marc:subfield code="u">http://hdl.library.upenn.edu/1017/d/ead/upenn_rbml_PUSpMsColl1120</marc:subfield>
</marc:datafield>
    <marc:datafield ind1="4" ind2="1" tag="856">
  <marc:subfield code="z">Facsimile Folder 1</marc:subfield>
  <marc:subfield code="u">https://colenda.library.upenn.edu/catalog/81431-p3qr4nx31</marc:subfield>
</marc:datafield>
    <marc:datafield ind1="4" ind2="1" tag="856">
  <marc:subfield code="z">Facsimile Folder 2</marc:subfield>
  <marc:subfield code="u">https://colenda.library.upenn.edu/catalog/81431-p3m03z403</marc:subfield>
</marc:datafield>
    <marc:datafield ind1="4" ind2="1" tag="856">
  <marc:subfield code="z">Facsimile Folder 3</marc:subfield>
  <marc:subfield code="u">https://colenda.library.upenn.edu/catalog/81431-p3g73796q</marc:subfield>
</marc:datafield>
    <marc:datafield ind1=" " ind2=" " tag="994">
  <marc:subfield code="a">C0</marc:subfield>
  <marc:subfield code="b">PAULM</marc:subfield>
</marc:datafield>
    <marc:holdings>
      <marc:holding>
        <marc:holding_id>22337761930003681</marc:holding_id>
        <marc:call_number>Ms. Coll. 1120</marc:call_number>
        <marc:library>KislakCntr</marc:library>
        <marc:location>scmss</marc:location>
      </marc:holding>
    </marc:holdings>
  </marc:record>
</marc:records>
